<?xml version="1.0" encoding="UTF-8"?><record xmlns="http://www.loc.gov/MARC21/slim" xmlns:cinclude="http://apache.org/cocoon/include/1.0" xmlns:zs="http://www.loc.gov/zing/srw/">
  <leader>00654cz  a2200169n  4500</leader>
  <controlfield tag="001">n 2007064867</controlfield>
  <controlfield tag="003">DLC</controlfield>
  <controlfield tag="005">20081102082042.0</controlfield>
  <controlfield tag="008">070911n| acannaabn          |b aaa      </controlfield>
  <datafield tag="010" ind1=" " ind2=" ">
    <subfield code="a">n 2007064867</subfield>
  </datafield>
  <datafield tag="035" ind1=" " ind2=" ">
    <subfield code="a">(OCoLC)oca07519885</subfield>
  </datafield>
  <datafield tag="040" ind1=" " ind2=" ">
    <subfield code="a">DLC</subfield>
    <subfield code="b">eng</subfield>
    <subfield code="c">DLC</subfield>
    <subfield code="d">OCoLC</subfield>
  </datafield>
  <datafield tag="100" ind1="1" ind2=" ">
    <subfield code="a">Sin, Myŏng</subfield>
  </datafield>
  <datafield tag="400" ind1="1" ind2=" ">
    <subfield code="a">신 명</subfield>
  </datafield>
  <datafield tag="667" ind1=" " ind2=" ">
    <subfield code="a">Machine-derived non-Latin script reference project.</subfield>
  </datafield>
  <datafield tag="667" ind1=" " ind2=" ">
    <subfield code="a">Non-Latin script reference not evaluated.</subfield>
  </datafield>
  <datafield tag="670" ind1=" " ind2=" ">
    <subfield code="a">Sin, Myŏng. Yŏsŏng nodong kwallyŏnpŏp silmu, 2006:</subfield>
    <subfield code="b">t.p. (Sin Myŏng) colophon (Hanʼguk Yangsŏng Pʻyŏngdŭng Kyoyuk Chinhŭngwŏn isa; former samu chʻongjang, Hanʼguk Nodong Kyoyugwŏn)</subfield>
  </datafield>
</record>